<record><leader>00000cas a22000007a 4500</leader><controlfield tag="001">15746029</controlfield><controlfield tag="008">870529d19621973paumr ne      0    0eng d</controlfield><datafield ind1=" " ind2=" " tag="010"><subfield code="a">sn 87080282 </subfield></datafield><datafield ind1=" " ind2=" " tag="040"><subfield code="a">NPH</subfield><subfield code="b">eng</subfield><subfield code="c">NPH</subfield><subfield code="d">OCLCQ</subfield></datafield><datafield ind1=" " ind2=" " tag="042"><subfield code="a">msc</subfield></datafield><datafield ind1="0" ind2="0" tag="245"><subfield code="a">Freeland's suburban penny saver.</subfield></datafield><datafield ind1=" " ind2=" " tag="260"><subfield code="a">Freeland, Pa. :</subfield><subfield code="b">Thomas G. Zubach</subfield></datafield><datafield ind1=" " ind2=" " tag="300"><subfield code="a">v. :</subfield><subfield code="b">ill. ;</subfield><subfield code="c">24-41 cm.</subfield></datafield><datafield ind1=" " ind2=" " tag="310"><subfield code="a">Monthly</subfield></datafield><datafield ind1="0" ind2=" " tag="362"><subfield code="a">[Vol. 1, no. 1, (Aug. 1962)]-</subfield></datafield><datafield ind1="1" ind2=" " tag="362"><subfield code="a">Ceased in 1973?</subfield></datafield><datafield ind1=" " ind2=" " tag="752"><subfield code="a">United States</subfield><subfield code="b">Pennsylvania</subfield><subfield code="c">Luzerne</subfield><subfield code="d">Freeland.</subfield></datafield><datafield ind1="0" ind2="0" tag="785"><subfield code="t">Mountain traveler</subfield><subfield code="w">(DLC)sn 87080283</subfield></datafield></record>